[gd_scene load_steps=13 format=2]

[ext_resource path="res://objects/super_grotto/enemies/spritesheet/skeleton-walk.png" type="Texture" id=1]
[ext_resource path="res://objects/super_grotto/enemies/enemy.gd" type="Script" id=2]

[sub_resource type="AtlasTexture" id=1]
atlas = ExtResource( 1 )
region = Rect2( 0, 0, 32, 32 )

[sub_resource type="AtlasTexture" id=2]
atlas = ExtResource( 1 )
region = Rect2( 32, 0, 32, 32 )

[sub_resource type="AtlasTexture" id=3]
atlas = ExtResource( 1 )
region = Rect2( 64, 0, 32, 32 )

[sub_resource type="AtlasTexture" id=4]
atlas = ExtResource( 1 )
region = Rect2( 96, 0, 32, 32 )

[sub_resource type="AtlasTexture" id=5]
atlas = ExtResource( 1 )
region = Rect2( 128, 0, 32, 32 )

[sub_resource type="AtlasTexture" id=6]
atlas = ExtResource( 1 )
region = Rect2( 160, 0, 32, 32 )

[sub_resource type="AtlasTexture" id=7]
atlas = ExtResource( 1 )
region = Rect2( 192, 0, 32, 32 )

[sub_resource type="AtlasTexture" id=8]
atlas = ExtResource( 1 )
region = Rect2( 224, 0, 32, 32 )

[sub_resource type="SpriteFrames" id=9]
animations = [ {
"frames": [ SubResource( 1 ), SubResource( 2 ), SubResource( 3 ), SubResource( 4 ), SubResource( 5 ), SubResource( 6 ), SubResource( 7 ), SubResource( 8 ) ],
"loop": true,
"name": "walk",
"speed": 5.0
} ]

[sub_resource type="CapsuleShape2D" id=10]
radius = 7.94319
height = 9.29507

[node name="enemy_skell" type="KinematicBody2D"]
script = ExtResource( 2 )

[node name="sprite" type="AnimatedSprite" parent="."]
frames = SubResource( 9 )
animation = "walk"

[node name="CollisionShape2D" type="CollisionShape2D" parent="."]
position = Vector2( 0.8909, 3.22951 )
shape = SubResource( 10 )

[node name="ground_check_l" type="RayCast2D" parent="."]
position = Vector2( -5, 10 )
enabled = true
cast_to = Vector2( 0, 10 )

[node name="ground_check_r" type="RayCast2D" parent="."]
position = Vector2( 7, 10 )
enabled = true
cast_to = Vector2( 0, 10 )

[node name="RayCast2D" type="RayCast2D" parent="."]
enabled = true
cast_to = Vector2( 10, 0 )

[node name="offscreen_timer" type="Timer" parent="."]

[node name="VisibilityNotifier2D" type="VisibilityNotifier2D" parent="."]

[node name="ceiling_check" type="RayCast2D" parent="."]
enabled = true
cast_to = Vector2( 0, -12 )
[connection signal="viewport_entered" from="VisibilityNotifier2D" to="." method="_on_VisibilityNotifier2D_viewport_entered"]
[connection signal="viewport_exited" from="VisibilityNotifier2D" to="." method="_on_VisibilityNotifier2D_viewport_exited"]
